<record><leader>00000cas a2200000 a 4500</leader><controlfield tag="001">9334859</controlfield><controlfield tag="008">830322c19079999wvudr ne      0    0eng c</controlfield><datafield ind1=" " ind2=" " tag="010"><subfield code="a">sn 83045151 </subfield></datafield><datafield ind1=" " ind2=" " tag="040"><subfield code="a">CRL</subfield><subfield code="b">eng</subfield><subfield code="c">CRL</subfield><subfield code="d">NPW</subfield><subfield code="d">NPU</subfield><subfield code="d">NPW</subfield><subfield code="d">WVC</subfield><subfield code="d">DLC</subfield><subfield code="d">YOX</subfield><subfield code="d">MGN</subfield><subfield code="d">CRL</subfield><subfield code="d">DLC</subfield><subfield code="d">KRTAS</subfield><subfield code="d">OCLCQ</subfield><subfield code="d">OCLCF</subfield><subfield code="d">OCLCO</subfield></datafield><datafield ind1=" " ind2=" " tag="019"><subfield code="a">990405831</subfield><subfield code="a">994556082</subfield></datafield><datafield ind1="1" ind2=" " tag="029"><subfield code="a">NZ1</subfield><subfield code="b">6156702</subfield></datafield><datafield ind1="1" ind2=" " tag="029"><subfield code="a">AU@</subfield><subfield code="b">000020079699</subfield></datafield><datafield ind1="1" ind2=" " tag="029"><subfield code="a">NZ1</subfield><subfield code="b">16072359</subfield></datafield><datafield ind1=" " ind2=" " tag="032"><subfield code="a">100540</subfield><subfield code="b">USPS</subfield></datafield><datafield ind1=" " ind2=" " tag="037"><subfield code="b">Charleston Newspapers, 1001 Virginia St. E., Charleston, WV 25301-2895</subfield></datafield><datafield ind1=" " ind2=" " tag="042"><subfield code="a">pcc</subfield></datafield><datafield ind1=" " ind2=" " tag="043"><subfield code="a">n-us-wv</subfield></datafield><datafield ind1="0" ind2="0" tag="050"><subfield code="a">Newspaper 10189</subfield></datafield><datafield ind1="0" ind2=" " tag="130"><subfield code="a">Charleston gazette (Charleston, W. Va. : 1907)</subfield></datafield><datafield ind1="1" ind2="4" tag="245"><subfield code="a">The Charleston gazette.</subfield></datafield><datafield ind1="1" ind2=" " tag="246"><subfield code="i">Issues for Sunday Mar. 2, 1958- published in conjunction with Charleston daily mail (Charleston, W. Va. : 1920) as:</subfield><subfield code="a">Sunday gazette-mail</subfield></datafield><datafield ind1="3" ind2="0" tag="246"><subfield code="a">Gazette</subfield></datafield><datafield ind1=" " ind2=" " tag="260"><subfield code="a">Charleston, W. Va. :</subfield><subfield code="b">Charleston Gazette Pub. Co.,</subfield><subfield code="c">1907-</subfield></datafield><datafield ind1=" " ind2=" " tag="300"><subfield code="a">v.</subfield></datafield><datafield ind1=" " ind2=" " tag="310"><subfield code="a">Daily</subfield></datafield><datafield ind1="0" ind2=" " tag="362"><subfield code="a">Vol. 20, no. 226 (Jan. 29, 1907)-</subfield></datafield><datafield ind1=" " ind2=" " tag="500"><subfield code="a">June 19, 1932 was capitol dedication ed.</subfield></datafield><datafield ind1=" " ind2=" " tag="500"><subfield code="a">"The state newspaper", &lt;Jan. 1, 1924-&gt;.</subfield></datafield><datafield ind1=" " ind2=" " tag="500"><subfield code="a">Publisher: Charleston Newspapers, &lt;Mar. 3, 2001-&gt;.</subfield></datafield><datafield ind1=" " ind2=" " tag="515"><subfield code="a">Continues the numbering of Charleston daily gazette.</subfield></datafield><datafield ind1=" " ind2=" " tag="530"><subfield code="a">Also issued on microfilm from Bell &amp; Howell Information and Learning.</subfield></datafield><datafield ind1=" " ind2=" " tag="530"><subfield code="a">Also issued via the Internet. Address as of Mar. 3, 2001: http://www.wvgazette.com.</subfield></datafield><datafield ind1=" " ind2=" " tag="588"><subfield code="a">Latest issue consulted: Vol. 142, no. 54 (Mar. 3, 2001).</subfield></datafield><datafield ind1=" " ind2="0" tag="651"><subfield code="a">Charleston (W. Va.)</subfield><subfield code="v">Newspapers.</subfield></datafield><datafield ind1=" " ind2="0" tag="651"><subfield code="a">Kanawha County (W. Va.)</subfield><subfield code="v">Newspapers.</subfield></datafield><datafield ind1=" " ind2="7" tag="655"><subfield code="a">Newspapers.</subfield><subfield code="2">fast</subfield><subfield code="0">(OCoLC)fst01423814</subfield></datafield><datafield ind1=" " ind2="7" tag="651"><subfield code="a">West Virginia</subfield><subfield code="z">Charleston.</subfield><subfield code="2">fast</subfield><subfield code="0">(OCoLC)fst01213401</subfield></datafield><datafield ind1=" " ind2="7" tag="651"><subfield code="a">West Virginia</subfield><subfield code="z">Kanawha County.</subfield><subfield code="2">fast</subfield><subfield code="0">(OCoLC)fst01212302</subfield></datafield><datafield ind1=" " ind2=" " tag="752"><subfield code="a">United States</subfield><subfield code="b">West Virginia</subfield><subfield code="c">Kanawha</subfield><subfield code="d">Charleston.</subfield></datafield><datafield ind1="1" ind2=" " tag="775"><subfield code="t">Charleston weekly gazette</subfield><subfield code="w">(DLC)sn 86092340</subfield><subfield code="w">(OCoLC)13223263</subfield></datafield><datafield ind1="0" ind2="0" tag="780"><subfield code="t">Charleston daily gazette</subfield><subfield code="w">(DLC)sn 85059894</subfield><subfield code="w">(OCoLC)12923990</subfield></datafield><datafield ind1=" " ind2=" " tag="938"><subfield code="a">Kirtas Technologies, Inc.</subfield><subfield code="b">KRTS</subfield><subfield code="n">736306</subfield></datafield></record>